@online{wolfram,
	title        = {Logarithm},
	organization = {Wolfram},
	urldate      = {2022-09-18},
	url          = {https://en.wikibooks.org/wiki/LaTeX/Bibliographies_with_biblatex_and_biber},
}
@book{tbb,
	author       = {Brian S. Thomson and Judith B. Bruckner and Andrew M. Bruckner},
	title        = {Elementary Real Analysis},
	publisher    = {Prentice Hall},
	date         = {2008},
}
