@book{wilson,
	author       = {Robin J. Wilson},
	title        = {Introduction to Graph Theory},
	edition      = {5},
	publisher    = {Pearson},
	date         = {2010},
}
@book{chart,
	author       = {Gary Chartrand and Ping Zhang},
	title        = {A First Course in Graph Theory},
	publisher    = {Dover Publications},
	date         = {2012},
}
