@book{tbb,
	author       = {Brian S. Thomson and Judith B. Bruckner and Andrew M. Bruckner},
	title        = {Elementary Real Analysis},
	publisher    = {Prentice Hall},
	date         = {2008},
}
